@inproceedings{silo2013,
    author = {Tu, Stephen and Zheng, Wenting and Kohler, Eddie and Liskov, Barbara and Madden, Samuel},
    title = {Speedy Transactions in Multicore In-Memory Databases},
    year = {2013},
    publisher = {Association for Computing Machinery},
    address = {New York, NY, USA},
    booktitle = {Proceedings of the Twenty-Fourth ACM Symposium on Operating Systems Principles},
    pages = {18–32},
    location = {Farminton, Pennsylvania},
    series = {SOSP '13}
}

@article{hana2012,
    author = {F\"{a}rber, Franz and Cha, Sang Kyun and Primsch, J\"{u}rgen and Bornh\"{o}vd, Christof and Sigg, Stefan  and Lehner, Wolfgang},
    title = {SAP HANA Database: Data Management for Modern Business Applications},
    year = {2012},
    publisher = {Association for Computing Machinery},
    address = {New York, NY, USA},
    volume = {40},
    number = {4},
    journal = {SIGMOD Rec.},
    month = {jan},
    pages = {45–51},
}

@misc{lifetable,
    author = {Social Security Administration},
    url = {https://www.ssa.gov/oact/STATS/table4c6.html}
}

@article{medicaldiagnosis,
  title={Machine learning for medical diagnosis: history, state of the art and perspective},
  author={Kononenko, Igor},
  journal={Artificial Intelligence in medicine},
  volume={23},
  number={1},
  pages={89--109},
  year={2001},
  publisher={Elsevier}
}

@book{imagerecognition,
  title={Fuzzy cluster analysis: methods for classification, data analysis and image recognition},
  author={H{\"o}ppner, Frank and Klawonn, Frank and Kruse, Rudolf and Runkler, Thomas},
  year={1999},
  publisher={John Wiley \& Sons}
}

@article{health_nn,
  title={Health condition prediction of gears using a recurrent neural network approach},
  author={Tian, Zhigang and Zuo, Ming J},
  journal={IEEE transactions on reliability},
  volume={59},
  number={4},
  pages={700--705},
  year={2010},
  publisher={IEEE}
}

@article{svm,
  title={11 Making Large-Scale Support Vector Machine Learning Practical},
  author={Joachims, Thorsten},
  journal={Advances in kernel methods: support vector learning},
  pages={169},
  year={1999},
  publisher={MIT press}
}

@article{kmeans,
  title={Algorithm AS 136: A k-means clustering algorithm},
  author={Hartigan, John A and Wong, Manchek A},
  journal={Journal of the royal statistical society. series c (applied statistics)},
  volume={28},
  number={1},
  pages={100--108},
  year={1979},
  publisher={JSTOR}
}

@article{decisiontree,
  title={A survey of decision tree classifier methodology},
  author={Safavian, S Rasoul and Landgrebe, David},
  journal={IEEE transactions on systems, man, and cybernetics},
  volume={21},
  number={3},
  pages={660--674},
  year={1991},
  publisher={IEEE}
}

@article{bayesian,
  title={Bayesian network classifiers},
  author={Friedman, Nir and Geiger, Dan and Goldszmidt, Moises},
  journal={Machine learning},
  volume={29},
  number={2},
  pages={131--163},
  year={1997},
  publisher={Springer}
}

@book{neuralnetwork,
  title={Neural network design},
  author={Hagan, Martin T and Demuth, Howard B and Beale, Mark},
  year={1997},
  publisher={PWS Publishing Co.}
}

@article{knn,
  title={ML-KNN: A lazy learning approach to multi-label learning},
  author={Zhang, Min-Ling and Zhou, Zhi-Hua},
  journal={Pattern recognition},
  volume={40},
  number={7},
  pages={2038--2048},
  year={2007},
  publisher={Elsevier}
}

@book{linear,
  title={Introduction to linear regression analysis},
  author={Montgomery, Douglas C and Peck, Elizabeth A and Vining, G Geoffrey},
  year={2021},
  publisher={John Wiley \& Sons}
}

@article{logistic,
  title={Logistic regression and artificial neural network classification models: a methodology review},
  author={Dreiseitl, Stephan and Ohno-Machado, Lucila},
  journal={Journal of biomedical informatics},
  volume={35},
  number={5-6},
  pages={352--359},
  year={2002},
  publisher={Elsevier}
}